
   <record>
      <leader>00000nz  a2200000nc 4500</leader>
      <controlfield tag="001">institutions/30076524</controlfield>
      <controlfield tag="003">DE-633</controlfield>
      <controlfield tag="005">20250620052110.0</controlfield>
      <controlfield tag="008">161109||||z|||a|||||||||||||||||n||||||d</controlfield>
      <datafield tag="024" ind1="7" ind2=" ">
         <subfield code="a">158233238</subfield>
         <subfield code="2">VIAF</subfield>
      </datafield>
      <datafield tag="024" ind1="7" ind2=" ">
         <subfield code="a">Q6970411</subfield>
         <subfield code="2">WKP</subfield>
      </datafield>
      <datafield tag="024" ind1="7" ind2=" ">
         <subfield code="a">BOL-SUbn</subfield>
         <subfield code="q">siglum</subfield>
         <subfield code="2">rism</subfield>
      </datafield>
      <datafield tag="034" ind1="1" ind2=" ">
         <subfield code="d">-65.25821036675889</subfield>
         <subfield code="f">-19.047325410317733</subfield>
      </datafield>
      <datafield tag="040" ind1=" " ind2=" ">
         <subfield code="a">DE-633</subfield>
         <subfield code="c">DE-633</subfield>
         <subfield code="e">rismg</subfield>
      </datafield>
      <datafield tag="043" ind1=" " ind2=" ">
         <subfield code="c">XD-BO</subfield>
      </datafield>
      <datafield tag="110" ind1="1" ind2=" ">
         <subfield code="a">Archivo y Biblioteca Nacionales de Bolivia (ABNB)</subfield>
         <subfield code="c">Sucre</subfield>
         <subfield code="g">BOL-SUbn</subfield>
      </datafield>
      <datafield tag="368" ind1=" " ind2=" ">
         <subfield code="a">Institution</subfield>
         <subfield code="a">Library</subfield>
         <subfield code="a">Archive</subfield>
      </datafield>
      <datafield tag="371" ind1=" " ind2=" ">
         <subfield code="a">Dalence 4</subfield>
         <subfield code="b">Sucre</subfield>
         <subfield code="d">Bolivia</subfield>
         <subfield code="m">contacto@abnb.org.bo</subfield>
         <subfield code="u">http://www.archivoybibliotecanacionales.org.bo</subfield>
         <subfield code="z">tel: +591 / 4 - 6452246</subfield>
      </datafield>
      <datafield tag="410" ind1=" " ind2=" ">
         <subfield code="a">Sección de Música</subfield>
      </datafield>
      <datafield tag="551" ind1="1" ind2=" ">
         <subfield code="a">Sucre</subfield>
         <subfield code="0">places/3904840</subfield>
      </datafield>
      <datafield tag="667" ind1=" " ind2=" ">
         <subfield code="a">Published sources: 538</subfield>
      </datafield>
   </record>
</collection>
